@ARTICLE{jiang,
   author = {{Jiang}, Tian-Yi},
    title = {On the Period Lengths of the Parallel Chip-Firing Game},
  journal = {ArXiv e-prints},
archivePrefix = "arXiv",
   eprint = {1003.0943},
 primaryClass = "math.CO",
 keywords = {Mathematics - Combinatorics, Mathematics - Dynamical Systems, 68Q80, 37B15, 82C20},
     year = 2010,
    month = mar,
   adsurl = {http://adsabs.harvard.edu/abs/2010arXiv1003.0943J},
  adsnote = {Provided by the SAO/NASA Astrophysics Data System}
}

@ARTICLE{feyLevineWilson,
  title = {Approach to criticality in sandpiles},
  author = {Fey, Anne and Levine, Lionel and Wilson, David B.},
  journal = {Phys. Rev. E},
  volume = {82},
  issue = {3},
  pages = {031121},
  numpages = {14},
  year = {2010},
  month = {Sep},
  doi = {10.1103/PhysRevE.82.031121},
  url = {http://link.aps.org/doi/10.1103/PhysRevE.82.031121},
  publisher = {American Physical Society}
}


@ARTICLE{kominers,
   author = {{Kominers}, Paul M. and {Kominers}, Scott D.},
    title = {Candy-passing Games on General Graphs, {II}},
  journal = {ArXiv e-prints},
archivePrefix = "arXiv",
   eprint = {0807.4655},
 primaryClass = "math.CO",
 keywords = {Mathematics - Combinatorics, Computer Science - Discrete Mathematics, 05C35, 05C85, 68Q25 (Primary), 37B15, 68R10, 68Q80 (Secondary)},
     year = 2008,
    month = jul,
   adsurl = {http://adsabs.harvard.edu/abs/2008arXiv0807.4655K},
  adsnote = {Provided by the SAO/NASA Astrophysics Data System}
}

@ARTICLE{bitarGoles,
 author = {Bitar, Javier and Goles, Eric},
 title = {Parallel chip firing games on graphs},
 journal = {Theoret. Comput. Sci.},
 issue_date = {20 Jan. 1992},
 volume = {92},
 number = {2},
 month = jan,
 year = {1992},
 issn = {0304-3975},
 pages = {291--300},
 numpages = {10},
 url = {http://dx.doi.org/10.1016/0304-3975(92)90316-8},
 doi = {10.1016/0304-3975(92)90316-8},
 acmid = {136215},
 publisher = {Elsevier Science Publishers Ltd.},
 address = {Essex, UK},
}

@ARTICLE{kiwiEtAl,
  author    = {Marcos A. Kiwi and
               Ren{\'e} Ndoundam and
               Maurice Tchuente and
               Eric Goles},
  title     = {No Polynomial Bound for the Period of the Parallel Chip
               Firing Game on Graphs},
  journal   = {Theoret. Comput. Sci.},
  volume    = 136,
  number    = 2,
  year      = 1994,
  pages     = {527--532},
  bibsource = {DBLP, http://dblp.uni-trier.de}
}

@ARTICLE{sourceReversal,
title = "Source reversal and chip firing on graphs",
journal = "Theoret. Comput. Sci.",
volume = "233",
number = "1â€“2",
pages = "287 - 295",
year = "2000",
note = "",
issn = "0304-3975",
doi = "10.1016/S0304-3975(99)00122-X",
url = "http://www.sciencedirect.com/science/article/pii/S030439759900122X",
author = "Eric Goles and Erich Prisner",
keywords = "Chip firing",
keywords = "Discrete dynamics",
keywords = "Undirected graph",
keywords = "Reversal games",
keywords = "Parallel iteration"
}

@ARTICLE{universality,
  author    = {Eric Goles and
               Maurice Margenstern},
  title     = {Universality of the Chip-Firing Game},
  journal   = {Theoret. Comput. Sci.},
  volume    = {172},
  number    = {1-2},
  year      = {1997},
  pages     = {121--134},
  ee        = {http://dx.doi.org/10.1016/S0304-3975(95)00242-1},
  bibsource = {DBLP, http://dblp.uni-trier.de}
}

@ARTICLE{cycle,
  title = {Exact Solution of the One-Dimensional Deterministic Fixed-Energy Sandpile},
  author = {Dall'Asta, Luca},
  journal = {Phys. Rev. Lett.},
  volume = {96},
  issue = {5},
  pages = {058003},
  numpages = {4},
  year = {2006},
  month = {Feb},
  doi = {10.1103/PhysRevLett.96.058003},
  url = {http://link.aps.org/doi/10.1103/PhysRevLett.96.058003},
  publisher = {American Physical Society}
}

@ARTICLE{levine,
   author = {{Levine}, Lionel},
    title = {Parallel Chip-Firing on the Complete Graph: Devil's Staircase and {Poincar\'e} Rotation Number},
  author={Levine, Lionel},
  journal={Ergodic Theory Dynam. Systems},
  volume={31},
  number={3},
  pages={891},
  year={2010},
  publisher={Cambridge Univ Press}
}

@article{BTWCriticality,
  month = {Jul},
  url = {http://link.aps.org/doi/10.1103/PhysRevLett.59.381},
  publisher = {American Physical Society},
  author = {Bak, Per and Tang, Chao and Wiesenfeld, Kurt},
  title = {Self-organized criticality: An explanation of the 1/\textit{f} noise},
  year = {1987},
  pages = {381--384},
  journal = {Phys. Rev. Lett.},
  volume = {59},
  doi = {10.1103/PhysRevLett.59.381},
  issue = {4}
}

@article{BTWMoreCriticality,
  month = {Jul},
  url = {http://link.aps.org/doi/10.1103/PhysRevA.38.364},
  publisher = {American Physical Society},
  author = {Bak, Per and Tang, Chao and Wiesenfeld, Kurt},
  title = {Self-organized criticality},
  year = {1988},
  pages = {364--374},
  journal = {Phys. Rev. A},
  volume = {38},
  doi = {10.1103/PhysRevA.38.364},
  issue = {1}
}

@ARTICLE{bjornerEtAl,
    author = {Anders Bj\"orner and L\'aszl\'o Lov\'asz and Peter W. Shor},
    title = {Chip-firing games on graphs},
    journal = {European J. Combin.},
    year = {1991},
    volume = {12},
    pages = {283--291}
}

@article{biggs,
 author = {Biggs, Norman L.},
 title = {Chip-Firing and the Critical Group of a Graph},
 journal = {J. Algebraic Combin.},
 volume = {9},
 issue = {1},
 month = {January},
 year = {1999},
 issn = {0925-9899},
 pages = {25--45},
 numpages = {21},
 url = {http://dl.acm.org/citation.cfm?id=307811.307814},
 doi = {10.1023/A:1018611014097},
 acmid = {307814},
 publisher = {Kluwer Academic Publishers},
 address = {Hingham, MA, USA},
 keywords = {chip-firing, discrete Laplacian, invariant factors, tree number},
}

@BOOK{howNatureWorks,
    author = {Bak, Per},
    day = {29},
    edition = {1st},
    howpublished = {Hardcover},
    isbn = {0387947914},
    keywords = {soc},
    month = aug,
    posted-at = {2009-12-15 11:15:13},
    priority = {2},
    publisher = {Copernicus (Springer)},
    title = {{How Nature Works: The Science of Self-organized Criticality}},
    url = {http://www.worldcat.org/isbn/0387947914},
    year = {1996}
}

@ARTICLE{asm,
title = "The Abelian Sandpile and Related Models",
journal = "Phys. A",
volume = "263",
number = "1-4",
pages = "4--25",
year = "1999",
note = "Proceedings of the 20th IUPAP International Conference on Statistical Physics",
issn = "0378-4371",
doi = "10.1016/S0378-4371(98)00493-2",
url = "http://www.sciencedirect.com/science/article/pii/S0378437198004932",
author = "Deepak Dhar"
}

@BOOK{bellmanford,
  Author = {Thomas H. Cormen and Charles E. Leiserson and Ronald L. Rivest and Clifford Stein},
  Title = {{Introduction to Algorithms, Third Edition}},
  Publisher = {MIT Press},
  Year = {2009},
  ISBN = {0262533057},
  Pages = {651--654}
}

@UNPUBLISHED{privateComms,
  Author = {{Fey}, Anne and {Levine}, Lionel},
  Note = {private correspondence},
  Year = {2011}
}
